%% This BibTeX bibliography file was created using BibDesk.
%% http://bibdesk.sourceforge.net/


%% Created for Arnaud Henry at 2012-08-02 19:40:44 +0100 


%% Saved with string encoding Unicode (UTF-8) 



@book{jakobson1961preliminaries,
	Author = {Jakobson, R. and Fant, C.G.M. and Halle, M.},
	Date-Added = {2012-08-02 16:10:25 +0100},
	Date-Modified = {2012-08-02 16:10:25 +0100},
	Title = {Preliminaries to speech analysis: The distinctive features and their correlates},
	Year = {1961}}

@inproceedings{thompson1984word,
	Author = {Thompson, H.},
	Booktitle = {Proceedings of the Sixth Annual Meeting of the Cognitive Science Society, Boulder, CO},
	Date-Added = {2012-08-01 20:20:30 +0100},
	Date-Modified = {2012-08-01 20:20:53 +0100},
	Title = {Word recognition: A paradigm case in computational (psycho-)linguistics},
	Year = {1984}}

@article{salasoo1985interaction,
	Author = {Salasoo, A. and Pisoni, D.B.},
	Date-Added = {2012-08-01 20:04:37 +0100},
	Date-Modified = {2012-08-01 20:04:37 +0100},
	Journal = {Journal of Memory and Language},
	Number = {2},
	Pages = {210--231},
	Publisher = {Elsevier},
	Title = {Interaction of knowledge sources in spoken word identification},
	Volume = {24},
	Year = {1985}}

@article{klatt1979speech,
	Author = {Klatt, D.H.},
	Date-Added = {2012-08-01 20:02:46 +0100},
	Date-Modified = {2012-08-01 20:02:46 +0100},
	Journal = {Journal of Phonetics},
	Number = {312},
	Pages = {1--26},
	Title = {Speech perception: A model of acoustic-phonetic analysis and lexical access},
	Volume = {7},
	Year = {1979}}

@article{elman1986exploiting,
	Author = {Elman, J.L. and McClelland, J.L.},
	Date-Added = {2012-08-01 19:39:05 +0100},
	Date-Modified = {2012-08-01 19:39:05 +0100},
	Journal = {Invariance and variability in speech processes},
	Pages = {360--385},
	Title = {Exploiting lawful variability in the speech wave},
	Year = {1986}}

@article{cutler1988role,
	Author = {Cutler, A. and Norris, D.},
	Date-Added = {2012-07-12 18:21:30 +0100},
	Date-Modified = {2012-07-26 11:40:56 +0100},
	Journal = {Journal of Experimental Psychology: Human perception and performance},
	Number = {1},
	Pages = {113},
	Publisher = {American Psychological Association},
	Rating = {3},
	Title = {The role of strong syllables in segmentation for lexical access.},
	Volume = {14},
	Year = {1988},
	Bdsk-File-1 = {YnBsaXN0MDDUAQIDBAUIJidUJHRvcFgkb2JqZWN0c1gkdmVyc2lvblkkYXJjaGl2ZXLRBgdUcm9vdIABqAkKFRYXGyIjVSRudWxs0wsMDQ4RFFpOUy5vYmplY3RzV05TLmtleXNWJGNsYXNzog8QgASABqISE4ACgAOAB1lhbGlhc0RhdGFccmVsYXRpdmVQYXRo0hgNGRpXTlMuZGF0YU8RAfoAAAAAAfoAAgAADE1hY2ludG9zaCBIRAAAAAAAAAAAAAAAAAAAAMkCT2lIKwAAAod3Px9DdXRsZXJfMTk4OF9UaGUgcm9sIzI5NTgxQTQucGRmAAAAAAAAAAAAAAAAAAAAAAAAAAAAAAAAAAAAAAAAAAAClYGkzCTF+lBERiAAAAAAAAEAAgAACSAAAAAAAAAAAAAAAAAAAAAGcGFwZXJzABAACAAAyQJPaQAAABEACAAAzCS36gAAAAEAFAKHdz8B7d3WAAhMsgAITKcAAJMnAAIAWk1hY2ludG9zaCBIRDpVc2Vyczphcm5hdWRoZW5yeTpEZXNrdG9wOmRpc3NlcnRhdGlvbjpwYXBlcnM6Q3V0bGVyXzE5ODhfVGhlIHJvbCMyOTU4MUE0LnBkZgAOAEYAIgBDAHUAdABsAGUAcgBfADEAOQA4ADgAXwBUAGgAZQAgAHIAbwBsAGUAIABvAGYAIABzAHQAcgBvAG4AZwAuAHAAZABmAA8AGgAMAE0AYQBjAGkAbgB0AG8AcwBoACAASABEABIAUFVzZXJzL2FybmF1ZGhlbnJ5L0Rlc2t0b3AvZGlzc2VydGF0aW9uL3BhcGVycy9DdXRsZXJfMTk4OF9UaGUgcm9sZSBvZiBzdHJvbmcucGRmABMAAS8AABUAAgAS//8AAIAF0hwdHh9YJGNsYXNzZXNaJGNsYXNzbmFtZaMfICFdTlNNdXRhYmxlRGF0YVZOU0RhdGFYTlNPYmplY3RfECJDdXRsZXJfMTk4OF9UaGUgcm9sZSBvZiBzdHJvbmcucGRm0hwdJCWiJSFcTlNEaWN0aW9uYXJ5EgABhqBfEA9OU0tleWVkQXJjaGl2ZXIACAARABYAHwAoADIANQA6ADwARQBLAFIAXQBlAGwAbwBxAHMAdgB4AHoAfACGAJMAmACgAp4CoAKlAq4CuQK9AssC0gLbAwADBQMIAxUDGgAAAAAAAAIBAAAAAAAAACgAAAAAAAAAAAAAAAAAAAMs}}

@inproceedings{magnuson2005interaction,
	Author = {Magnuson, J.S. and Strauss, T. and Harris, H.D.},
	Booktitle = {Proceedings of the XXVII Annual Meeting of the Cognitive Science Society},
	Date-Added = {2012-07-10 20:22:38 +0100},
	Date-Modified = {2012-07-10 20:22:38 +0100},
	Organization = {Erlbaum Mahwah, NJ},
	Pages = {1379--1384},
	Title = {Interaction in spoken word recognition models: Feedback helps},
	Year = {2005},
	Bdsk-File-1 = {YnBsaXN0MDDUAQIDBAUIJidUJHRvcFgkb2JqZWN0c1gkdmVyc2lvblkkYXJjaGl2ZXLRBgdUcm9vdIABqAkKFRYXGyIjVSRudWxs0wsMDQ4RFFpOUy5vYmplY3RzV05TLmtleXNWJGNsYXNzog8QgASABqISE4ACgAOAB1lhbGlhc0RhdGFccmVsYXRpdmVQYXRo0hgNGRpXTlMuZGF0YU8RAboAAAAAAboAAgAADE1hY2ludG9zaCBIRAAAAAAAAAAAAAAAAAAAAMkCT2lIKwAAAod3PxFmODY1LW1hZ251c29uLnBkZgAAAAAAAAAAAAAAAAAAAAAAAAAAAAAAAAAAAAAAAAAAAAAAAAAAAAAAAAAAAAACh3c5zCI9yQAAAAAAAAAAAAEAAgAACSAAAAAAAAAAAAAAAAAAAAAGcGFwZXJzABAACAAAyQJPaQAAABEACAAAzCIvuQAAAAEAFAKHdz8B7d3WAAhMsgAITKcAAJMnAAIATE1hY2ludG9zaCBIRDpVc2Vyczphcm5hdWRoZW5yeTpEZXNrdG9wOmRpc3NlcnRhdGlvbjpwYXBlcnM6Zjg2NS1tYWdudXNvbi5wZGYADgAkABEAZgA4ADYANQAtAG0AYQBnAG4AdQBzAG8AbgAuAHAAZABmAA8AGgAMAE0AYQBjAGkAbgB0AG8AcwBoACAASABEABIAP1VzZXJzL2FybmF1ZGhlbnJ5L0Rlc2t0b3AvZGlzc2VydGF0aW9uL3BhcGVycy9mODY1LW1hZ251c29uLnBkZgAAEwABLwAAFQACABL//wAAgAXSHB0eH1gkY2xhc3Nlc1okY2xhc3NuYW1lox8gIV1OU011dGFibGVEYXRhVk5TRGF0YVhOU09iamVjdF8QEWY4NjUtbWFnbnVzb24ucGRm0hwdJCWiJSFcTlNEaWN0aW9uYXJ5EgABhqBfEA9OU0tleWVkQXJjaGl2ZXIACAARABYAHwAoADIANQA6ADwARQBLAFIAXQBlAGwAbwBxAHMAdgB4AHoAfACGAJMAmACgAl4CYAJlAm4CeQJ9AosCkgKbAq8CtAK3AsQCyQAAAAAAAAIBAAAAAAAAACgAAAAAAAAAAAAAAAAAAALb}}

@article{fry1947frequency,
	Author = {Fry, D.B.},
	Date-Added = {2012-04-12 11:21:07 +0100},
	Date-Modified = {2012-04-12 11:21:07 +0100},
	Journal = {Archives N{\'e}erlandaises de Phon{\'e}tique Experimental},
	Pages = {103--106},
	Title = {The frequency of occurrence of speech sounds in Southern English},
	Volume = {20},
	Year = {1947}}

@article{browman1992targetless,
	Author = {Browman, C.P. and Goldstein, L.},
	Date-Added = {2012-04-12 11:20:23 +0100},
	Date-Modified = {2012-07-10 20:27:11 +0100},
	Journal = {Papers in laboratory phonology II: Gesture, segment, prosody},
	Pages = {26--56},
	Publisher = {Cambridge University Press Cambridge},
	Rating = {0},
	Title = {Targetless chwa: an articulatory analysis},
	Year = {1992}}

@article{beckman1992intonational,
	Author = {Beckman, M.E. and Edwards, J.},
	Date-Added = {2012-04-12 11:19:23 +0100},
	Date-Modified = {2012-04-12 11:19:23 +0100},
	Journal = {Tohkura, Vatikiotis-Bateson, Sagisaka, Speech perception, production and linguistic structure},
	Pages = {359--375},
	Title = {Intonational categories and the articulatory control of duration},
	Year = {1992}}

@misc{kondo2000production,
	Author = {Kondo, Y.},
	Date-Added = {2012-04-12 11:17:15 +0100},
	Date-Modified = {2012-04-12 11:17:15 +0100},
	Publisher = {Cambridge University Press, Cambridge},
	Title = {Production of schwa by Japanese speakers of English: an acoustic study of shifts in coarticulatory strategies from L1 to L2. Michael Broe and Janet Pierrehumbert (eds.) Papers in Laboratory Phonology 5: Acquisition and the Lexicon},
	Year = {2000}}

@book{ilyenkov2008dialectics,
	Author = {Ilyenkov, E.V.},
	Date-Added = {2012-03-28 11:39:50 +0100},
	Date-Modified = {2012-07-26 11:40:48 +0100},
	Publisher = {Moscow: Progress},
	Rating = {3},
	Title = {The dialectics of the abstract and the concrete in Marx's Capital},
	Year = {1982}}

@article{perruchet1998parser,
	Author = {Perruchet, P. and Vinter, A.},
	Date-Added = {2012-03-27 11:56:19 +0100},
	Date-Modified = {2012-03-27 11:56:19 +0100},
	Journal = {Journal of memory and language},
	Number = {2},
	Pages = {246--263},
	Publisher = {Elsevier},
	Title = {PARSER: A Model for Word Segmentation* 1,* 2,* 3},
	Volume = {39},
	Year = {1998}}

@article{luce1998recognizing,
	Author = {Luce, P.A. and Pisoni, D.B.},
	Date-Added = {2012-03-27 11:55:29 +0100},
	Date-Modified = {2012-03-27 11:55:29 +0100},
	Journal = {Ear and hearing},
	Number = {1},
	Pages = {1},
	Title = {Recognizing spoken words: The neighborhood activation model},
	Volume = {19},
	Year = {1998}}

@article{norris2000merging,
	Author = {Norris, D. and McQueen, J.M. and Cutler, A.},
	Date-Added = {2012-03-27 11:51:04 +0100},
	Date-Modified = {2012-03-27 11:51:04 +0100},
	Journal = {Behavioral and Brain Sciences},
	Number = {03},
	Pages = {299--325},
	Publisher = {Cambridge Univ Press},
	Title = {Merging information in speech recognition: Feedback is never necessary},
	Volume = {23},
	Year = {2000}}

@article{gaskell1997integrating,
	Author = {Gaskell, M.G. and Marslen-Wilson, W.D.},
	Date-Added = {2012-03-27 11:50:03 +0100},
	Date-Modified = {2012-03-27 11:50:03 +0100},
	Journal = {Language and cognitive Processes},
	Number = {5-6},
	Pages = {613--656},
	Publisher = {Taylor \& Francis},
	Title = {Integrating form and meaning: A distributed model of speech perception},
	Volume = {12},
	Year = {1997}}

@article{norris2008shortlist,
	Author = {Norris, D. and McQueen, J.M.},
	Date-Added = {2012-03-27 11:48:39 +0100},
	Date-Modified = {2012-03-27 11:48:39 +0100},
	Journal = {Psychological review},
	Number = {2},
	Pages = {357},
	Publisher = {American Psychological Association},
	Title = {Shortlist B: A Bayesian model of continuous speech recognition.},
	Volume = {115},
	Year = {2008}}

@article{norris1994shortlist,
	Author = {Norris, D.},
	Date-Added = {2012-03-27 11:48:39 +0100},
	Date-Modified = {2012-07-26 11:41:18 +0100},
	Journal = {Cognition},
	Number = {3},
	Pages = {189--234},
	Publisher = {Elsevier},
	Rating = {3},
	Title = {Shortlist: A connectionist model of continuous speech recognition},
	Volume = {52},
	Year = {1994}}

@article{chawlaShillcock,
	Author = {Chawla, M. and Shillcock, R.},
	Date-Added = {2012-03-27 11:28:15 +0100},
	Date-Modified = {2012-03-27 11:32:07 +0100},
	Journal = {in Press},
	Title = {The development of a successful cognitive model; a case-history of the TRACE model of speech perception},
	Year = {2011}}

@article{van1998schwa,
	Author = {Van Oostendorp, M.},
	Date-Added = {2012-03-22 17:14:26 +0000},
	Date-Modified = {2012-03-22 17:14:26 +0000},
	Journal = {Glot international},
	Number = {5},
	Pages = {3--8},
	Publisher = {Holland Academic Graphics},
	Title = {Schwa in phonological theory},
	Volume = {3},
	Year = {1998}}

@article{weisberg2007hree,
	Author = {Weisberg, M.},
	Date-Added = {2012-03-22 15:02:36 +0000},
	Date-Modified = {2012-03-22 15:02:47 +0000},
	Journal = {Journal for the Philosophy of Science},
	Pages = {207--233},
	Title = {Three Kinds of Idealization},
	Volume = {58},
	Year = {2007},
	Bdsk-File-1 = {YnBsaXN0MDDUAQIDBAUIJidUJHRvcFgkb2JqZWN0c1gkdmVyc2lvblkkYXJjaGl2ZXLRBgdUcm9vdIABqAkKFRYXGyIjVSRudWxs0wsMDQ4RFFpOUy5vYmplY3RzV05TLmtleXNWJGNsYXNzog8QgASABqISE4ACgAOAB1lhbGlhc0RhdGFccmVsYXRpdmVQYXRo0hgNGRpXTlMuZGF0YU8RAcIAAAAAAcIAAgAADE1hY2ludG9zaCBIRAAAAAAAAAAAAAAAAAAAAMkCT2lIKwAAAod3PxN0aHJlZWtpbmRzZmluYWwucGRmAAAAAAAAAAAAAAAAAAAAAAAAAAAAAAAAAAAAAAAAAAAAAAAAAAAAAAAAAAABCP6Gy5DvrwAAAAAAAAAAAAEAAgAACSAAAAAAAAAAAAAAAAAAAAAGcGFwZXJzABAACAAAyQJPaQAAABEACAAAy5DvrwAAAAEAFAKHdz8B7d3WAAhMsgAITKcAAJMnAAIATk1hY2ludG9zaCBIRDpVc2Vyczphcm5hdWRoZW5yeTpEZXNrdG9wOmRpc3NlcnRhdGlvbjpwYXBlcnM6dGhyZWVraW5kc2ZpbmFsLnBkZgAOACgAEwB0AGgAcgBlAGUAawBpAG4AZABzAGYAaQBuAGEAbAAuAHAAZABmAA8AGgAMAE0AYQBjAGkAbgB0AG8AcwBoACAASABEABIAQVVzZXJzL2FybmF1ZGhlbnJ5L0Rlc2t0b3AvZGlzc2VydGF0aW9uL3BhcGVycy90aHJlZWtpbmRzZmluYWwucGRmAAATAAEvAAAVAAIAEv//AACABdIcHR4fWCRjbGFzc2VzWiRjbGFzc25hbWWjHyAhXU5TTXV0YWJsZURhdGFWTlNEYXRhWE5TT2JqZWN0XxATdGhyZWVraW5kc2ZpbmFsLnBkZtIcHSQloiUhXE5TRGljdGlvbmFyeRIAAYagXxAPTlNLZXllZEFyY2hpdmVyAAgAEQAWAB8AKAAyADUAOgA8AEUASwBSAF0AZQBsAG8AcQBzAHYAeAB6AHwAhgCTAJgAoAJmAmgCbQJ2AoEChQKTApoCowK5Ar4CwQLOAtMAAAAAAAACAQAAAAAAAAAoAAAAAAAAAAAAAAAAAAAC5Q==}}

@article{berent2009listeners,
	Author = {Berent, I. and Lennertz, T. and Smolensky, P. and Vaknin-Nusbaum, V.},
	Date-Added = {2012-03-15 16:47:25 +0000},
	Date-Modified = {2012-03-15 16:47:25 +0000},
	Journal = {Phonology},
	Number = {1},
	Pages = {75--108},
	Publisher = {Cambridge Univ Press},
	Title = {Listeners' knowledge of phonological universals: Evidence from nasal clusters},
	Volume = {26},
	Year = {2009}}

@article{strauss2007jtrace,
	Author = {Strauss, T.J. and Harris, H.D. and Magnuson, J.S.},
	Date-Added = {2012-03-15 16:17:11 +0000},
	Date-Modified = {2012-07-10 20:29:35 +0100},
	Journal = {Behavior research methods},
	Number = {1},
	Pages = {19--30},
	Publisher = {Springer},
	Rating = {0},
	Title = {jTRACE: A reimplementation and extension of the TRACE model of speech perception and spoken word recognition},
	Volume = {39},
	Year = {2007},
	Bdsk-File-1 = {YnBsaXN0MDDUAQIDBAUIJidUJHRvcFgkb2JqZWN0c1gkdmVyc2lvblkkYXJjaGl2ZXLRBgdUcm9vdIABqAkKFRYXGyIjVSRudWxs0wsMDQ4RFFpOUy5vYmplY3RzV05TLmtleXNWJGNsYXNzog8QgASABqISE4ACgAOAB1lhbGlhc0RhdGFccmVsYXRpdmVQYXRo0hgNGRpXTlMuZGF0YU8RAfQAAAAAAfQAAgAADE1hY2ludG9zaCBIRAAAAAAAAAAAAAAAAAAAAMkCT2lIKwAAAod3Px9qdHJhY2Vfc3RyYXVzc0hhcnJpcyNCQkVENTMucGRmAAAAAAAAAAAAAAAAAAAAAAAAAAAAAAAAAAAAAAAAAAAAu+1Ty2gL3gAAAAAAAAAAAAEAAgAACSAAAAAAAAAAAAAAAAAAAAAGcGFwZXJzABAACAAAyQJPaQAAABEACAAAy2gL3gAAAAEAFAKHdz8B7d3WAAhMsgAITKcAAJMnAAIAWk1hY2ludG9zaCBIRDpVc2Vyczphcm5hdWRoZW5yeTpEZXNrdG9wOmRpc3NlcnRhdGlvbjpwYXBlcnM6anRyYWNlX3N0cmF1c3NIYXJyaXMjQkJFRDUzLnBkZgAOAEIAIABqAHQAcgBhAGMAZQBfAHMAdAByAGEAdQBzAHMASABhAHIAcgBpAHMATQBhAGcAbgB1AHMAbwBuAC4AcABkAGYADwAaAAwATQBhAGMAaQBuAHQAbwBzAGgAIABIAEQAEgBOVXNlcnMvYXJuYXVkaGVucnkvRGVza3RvcC9kaXNzZXJ0YXRpb24vcGFwZXJzL2p0cmFjZV9zdHJhdXNzSGFycmlzTWFnbnVzb24ucGRmABMAAS8AABUAAgAS//8AAIAF0hwdHh9YJGNsYXNzZXNaJGNsYXNzbmFtZaMfICFdTlNNdXRhYmxlRGF0YVZOU0RhdGFYTlNPYmplY3RfECBqdHJhY2Vfc3RyYXVzc0hhcnJpc01hZ251c29uLnBkZtIcHSQloiUhXE5TRGljdGlvbmFyeRIAAYagXxAPTlNLZXllZEFyY2hpdmVyAAgAEQAWAB8AKAAyADUAOgA8AEUASwBSAF0AZQBsAG8AcQBzAHYAeAB6AHwAhgCTAJgAoAKYApoCnwKoArMCtwLFAswC1QL4Av0DAAMNAxIAAAAAAAACAQAAAAAAAAAoAAAAAAAAAAAAAAAAAAADJA==}}

@article{evans2009myth,
	Author = {Evans, N. and Levinson, S.C.},
	Date-Added = {2012-03-15 16:13:37 +0000},
	Date-Modified = {2012-03-15 16:13:37 +0000},
	Journal = {Behavioral and Brain Sciences},
	Number = {5},
	Pages = {429--492},
	Publisher = {Cambridge Univ Press},
	Title = {The myth of language universals: Language diversity and its importance for cognitive science},
	Volume = {32},
	Year = {2009},
	Bdsk-File-1 = {YnBsaXN0MDDUAQIDBAUIJidUJHRvcFgkb2JqZWN0c1gkdmVyc2lvblkkYXJjaGl2ZXLRBgdUcm9vdIABqAkKFRYXGyIjVSRudWxs0wsMDQ4RFFpOUy5vYmplY3RzV05TLmtleXNWJGNsYXNzog8QgASABqISE4ACgAOAB1lhbGlhc0RhdGFccmVsYXRpdmVQYXRo0hgNGRpXTlMuZGF0YU8RAjAAAAAAAjAAAgAADE1hY2ludG9zaCBIRAAAAAAAAAAAAAAAAAAAAMkCT2lIKwAAAod3Px9ldmFucy1sZXZpbnNvbi0wOWJicyNFOUE5REQucGRmAAAAAAAAAAAAAAAAAAAAAAAAAAAAAAAAAAAAAAAAAAAA6andy4fGOAAAAAAAAAAAAAEAAgAACSAAAAAAAAAAAAAAAAAAAAAGcGFwZXJzABAACAAAyQJPaQAAABEACAAAy4fGOAAAAAEAFAKHdz8B7d3WAAhMsgAITKcAAJMnAAIAWk1hY2ludG9zaCBIRDpVc2Vyczphcm5hdWRoZW5yeTpEZXNrdG9wOmRpc3NlcnRhdGlvbjpwYXBlcnM6ZXZhbnMtbGV2aW5zb24tMDliYnMjRTlBOURELnBkZgAOAGoANABlAHYAYQBuAHMALQBsAGUAdgBpAG4AcwBvAG4ALQAwADkAYgBiAHMAXwBtAHkAdABoAC0AbwBmAC0AbABhAG4AZwB1AGEAZwBlAC0AdQBuAGkAdgBlAHIAcwBhAGwAcwAuAHAAZABmAA8AGgAMAE0AYQBjAGkAbgB0AG8AcwBoACAASABEABIAYlVzZXJzL2FybmF1ZGhlbnJ5L0Rlc2t0b3AvZGlzc2VydGF0aW9uL3BhcGVycy9ldmFucy1sZXZpbnNvbi0wOWJic19teXRoLW9mLWxhbmd1YWdlLXVuaXZlcnNhbHMucGRmABMAAS8AABUAAgAS//8AAIAF0hwdHh9YJGNsYXNzZXNaJGNsYXNzbmFtZaMfICFdTlNNdXRhYmxlRGF0YVZOU0RhdGFYTlNPYmplY3RfEDRldmFucy1sZXZpbnNvbi0wOWJic19teXRoLW9mLWxhbmd1YWdlLXVuaXZlcnNhbHMucGRm0hwdJCWiJSFcTlNEaWN0aW9uYXJ5EgABhqBfEA9OU0tleWVkQXJjaGl2ZXIACAARABYAHwAoADIANQA6ADwARQBLAFIAXQBlAGwAbwBxAHMAdgB4AHoAfACGAJMAmACgAtQC1gLbAuQC7wLzAwEDCAMRA0gDTQNQA10DYgAAAAAAAAIBAAAAAAAAACgAAAAAAAAAAAAAAAAAAAN0}}

@article{mcclelland1986trace,
	Author = {McClelland, J.L. and Elman, J.L.},
	Date-Added = {2012-03-04 16:21:13 +0000},
	Date-Modified = {2012-07-26 11:40:43 +0100},
	Journal = {Cognitive psychology},
	Number = {1},
	Pages = {1--86},
	Publisher = {Elsevier},
	Rating = {5},
	Title = {The TRACE model of speech perception},
	Volume = {18},
	Year = {1986},
	Bdsk-File-1 = {YnBsaXN0MDDUAQIDBAUIJidUJHRvcFgkb2JqZWN0c1gkdmVyc2lvblkkYXJjaGl2ZXLRBgdUcm9vdIABqAkKFRYXGyIjVSRudWxs0wsMDQ4RFFpOUy5vYmplY3RzV05TLmtleXNWJGNsYXNzog8QgASABqISE4ACgAOAB1lhbGlhc0RhdGFccmVsYXRpdmVQYXRo0hgNGRpXTlMuZGF0YU8RAcoAAAAAAcoAAgAADE1hY2ludG9zaCBIRAAAAAAAAAAAAAAAAAAAAMkCT2lIKwAAAod3PxVNY0NsZWxsYW5kRWxtYW44Ni5wZGYAAAAAAAAAAAAAAAAAAAAAAAAAAAAAAAAAAAAAAAAAAAAAAAAAAAAAAAAAybT4y3lGXgAAAAAAAAAAAAEAAgAACSAAAAAAAAAAAAAAAAAAAAAGcGFwZXJzABAACAAAyQJPaQAAABEACAAAy3lGXgAAAAEAFAKHdz8B7d3WAAhMsgAITKcAAJMnAAIAUE1hY2ludG9zaCBIRDpVc2Vyczphcm5hdWRoZW5yeTpEZXNrdG9wOmRpc3NlcnRhdGlvbjpwYXBlcnM6TWNDbGVsbGFuZEVsbWFuODYucGRmAA4ALAAVAE0AYwBDAGwAZQBsAGwAYQBuAGQARQBsAG0AYQBuADgANgAuAHAAZABmAA8AGgAMAE0AYQBjAGkAbgB0AG8AcwBoACAASABEABIAQ1VzZXJzL2FybmF1ZGhlbnJ5L0Rlc2t0b3AvZGlzc2VydGF0aW9uL3BhcGVycy9NY0NsZWxsYW5kRWxtYW44Ni5wZGYAABMAAS8AABUAAgAS//8AAIAF0hwdHh9YJGNsYXNzZXNaJGNsYXNzbmFtZaMfICFdTlNNdXRhYmxlRGF0YVZOU0RhdGFYTlNPYmplY3RfEBVNY0NsZWxsYW5kRWxtYW44Ni5wZGbSHB0kJaIlIVxOU0RpY3Rpb25hcnkSAAGGoF8QD05TS2V5ZWRBcmNoaXZlcgAIABEAFgAfACgAMgA1ADoAPABFAEsAUgBdAGUAbABvAHEAcwB2AHgAegB8AIYAkwCYAKACbgJwAnUCfgKJAo0CmwKiAqsCwwLIAssC2ALdAAAAAAAAAgEAAAAAAAAAKAAAAAAAAAAAAAAAAAAAAu8=}}
